@inproceedings{HREF1,
	title={Keyword optimization in sponsored search via feature selection},
	author={Kiritchenko, Svetlana and Jiline, Mikhail},
	booktitle={New Challenges for Feature Selection in Data Mining and Knowledge Discovery},
	pages={122--134},
	year={2008}
}

@article{HREF2,
	title={MOPSO-Based CNN for Keyword Selection on Google Ads},
	author={Liang, Jing and Yang, Haotian and Gao, Jiajia and Yue, Caitong and Ge, Shilei and Qu, Boyang},
	journal={IEEE Access},
	volume={7},
	pages={125387--125400},
	year={2019},
	publisher={IEEE}
}

@article{HREF3,
	title={Web Site Keyword Selection Method by Considering Semantic Similarity Based on Word2Vec},
	author={Lee, Donghun and Kim, Kwanho},
	journal={Journal of Society for e-Business Studies},
	volume={23},
	number={2},
	year={2019}
}

@article{HREF4,
	title={Finding Social Media Trolls: Dynamic Keyword Selection Methods for Rapidly-Evolving Online Debates},
	author={Liu, Anqi and Srikanth, Maya and Adams-Cohen, Nicholas and Alvarez, R Michael and Anandkumar, Anima},
	journal={arXiv preprint arXiv:1911.05332},
	year={2019}
}

@misc{I_REF1,
	title = {{How much data is generated each day? }},
	author = {Jeff Desjardins},
	year = 2019,
	howpublished = {\url{https://www.weforum.org/agenda/2019/04/how-much-data-is-generated-each-day-cf4bddf29f/}},
	note = {Accessed: 2019-07-30}
}

@article{I_REF2,
	author = {Julia Murphy and Max Roser},
	title = {Internet},
	journal = {Our World in Data},
	year = {2019},
	note = {https://ourworldindata.org/internet}
}

@article{I_REF3,
	title={Blogging: self presentation and privacy},
	author={McCullagh, Karen},
	journal={Information \& communications technology law},
	volume={17},
	number={1},
	pages={3--23},
	year={2008},
	publisher={Taylor \& Francis}
}

@inproceedings{I_REF4,
	title={Political polarization on twitter},
	author={Conover, Michael D and Ratkiewicz, Jacob and Francisco, Matthew and Gon{\c{c}}alves, Bruno and Menczer, Filippo and Flammini, Alessandro},
	booktitle={Fifth international AAAI conference on weblogs and social media},
	year={2011}
}

@article{I_REF5,
	title={Twitter and social accountability: Reactions to the Panama Papers},
	author={Neu, Dean and Saxton, Greg and Rahaman, Abu and Everett, Jeffery},
	journal={Critical Perspectives on Accounting},
	year={2019},
	publisher={Elsevier}
}

@article{I_REF6,
	title={Twitter mood predicts the stock market},
	author={Bollen, Johan and Mao, Huina and Zeng, Xiaojun},
	journal={Journal of computational science},
	volume={2},
	number={1},
	pages={1--8},
	year={2011},
	publisher={Elsevier}
}

@article{I_REF7,
	title={What is syndromic surveillance},
	author={Henning, Kelly J},
	journal={Morbidity and mortality weekly report},
	volume={53},
	number={Supplement},
	pages={7--11},
	year={2004},
	publisher={Centers for Disease Control and Prevention}
}

@article{I_REF8,
	title={Detecting influenza epidemics using search engine query data},
	author={Ginsberg, Jeremy and Mohebbi, Matthew H and Patel, Rajan S and Brammer, Lynnette and Smolinski, Mark S and Brilliant, Larry},
	journal={Nature},
	volume={457},
	number={7232},
	pages={1012},
	year={2009},
	publisher={Nature Publishing Group}
}

@article{I_REF9,
	title={Infectious disease surveillance for the London 2012 Olympic and Paralympic Games},
	author={Severi, E and Heinsbroek, E and Watson, C and Catchpole, M and others},
	journal={Eurosurveillance},
	volume={17},
	number={31},
	pages={20232},
	year={2012},
	publisher={European Centre for Disease Prevention and Control}
}

@misc{I_REF10,
	author = {{World Health Organisation WHO}},
	title= {The world health report 2007 - A safer future: global public health security in the 21st century},
	howpublished={Available at: \url{http://www.who.int/whr/2007/en/}},
	year={2007}
}

@article{I_REF11,
	title={Assessment of syndromic surveillance in Europe.},
	author={Triple, S},
	journal={Lancet (London, England)},
	volume={378},
	number={9806},
	pages={1833},
	year={2011}
}

@article{I_REF12,
	title={Monitoring the effect of air pollution episodes on health care consultations and ambulance call-outs in England during March/April 2014: A retrospective observational analysis},
	author={Elliot, Alex J and Smith, Sue and Dobney, Alec and Thornes, John and Smith, Gillian E and Vardoulakis, Sotiris},
	journal={Environmental pollution},
	volume={214},
	pages={903--911},
	year={2016},
	publisher={Elsevier}
}

@inproceedings{I_REF13,
	author = {Adam Sadilek and Henry Kautz and Vincent Silenzio},
	title = {Predicting Disease Transmission from Geo-Tagged Micro-Blog Data},
	booktitle = {AAAI Conference on Artificial Intelligence},
	year = {2012},
	keywords = {machine learning; class imbalance; location-based reasoning; text classification; disease spread; public health},
	abstract = {Researchers have begun to mine social network data in order to predict a variety of social, economic, and health related phenomena. While previous work has focused on predicting aggregate properties, such as the prevalence of seasonal influenza in a given country, we consider the task of fine-grained prediction of the health of specific people from noisy and incomplete data. We construct a probabilistic model that can predict if and when an individual will fall ill with high precision and good recall on the basis of his social ties and co-locations with other people, as revealed by their Twitter posts. Our model is highly scalable and can be used to predict general dynamic properties of individuals in large real-world social networks. These results provide a foundation for research on fundamental questions of public health, including the identification of non-cooperative disease carriers ("Typhoid Marys"), adaptive vaccination policies, and our understanding of the emergence of global epidemics from day-to-day interpersonal interactions.},
	
	url = {http://www.aaai.org/ocs/index.php/AAAI/AAAI12/paper/view/4844}
}

@article{I_REF14,
	title={Using Online Reviews by Restaurant Patrons to Identify Unreported Cases of Foodborne Illness in New York City, 2012--2013},
	author={Cassandra Harrison, MSPH and Mohip Jorder, MS and Henri Stern, Faina Stavinsky and Sharon Balter, MD}
}

@inproceedings{I_REF15,
	title={Early warning and outbreak detection using social networking websites: The potential of Twitter},
	author={De Quincey, Ed and Kostkova, Patty},
	booktitle={International Conference on Electronic Healthcare},
	pages={21--24},
	year={2009},
	organization={Springer}
}

@inproceedings{I_REF16,
	title={Towards detecting influenza epidemics by analyzing Twitter messages},
	author={Culotta, Aron},
	booktitle={Proceedings of the first workshop on social media analytics},
	pages={115--122},
	year={2010},
	organization={ACM}
}

@article{I_REF17,
	author={Chen, Liangzhe
	and Tozammel Hossain, K. S. M.
	and Butler, Patrick
	and Ramakrishnan, Naren
	and Prakash, B. Aditya},
	title={Syndromic surveillance of Flu on Twitter using weakly supervised temporal topic models},
	journal={Data Mining and Knowledge Discovery},
	year="2016",
	volume="30",
	number="3",
	pages="681--710",
	doi="10.1007/s10618-015-0434-x",
	url="http://dx.doi.org/10.1007/s10618-015-0434-x"
}

@inproceedings{I_REF18,
	title={Tracking the flu pandemic by monitoring the social web},
	author={Lampos, Vasileios and Cristianini, Nello},
	booktitle={Cognitive Information Processing (CIP), 2010 2nd International Workshop on},
	pages={411--416},
	year={2010},
	organization={IEEE}
}

@incollection{K_REF1,
	doi = {10.1016/b978-0-12-804041-6.00002-5},
	url = {https://doi.org/10.1016/b978-0-12-804041-6.00002-5},
	year = {2017},
	publisher = {Elsevier},
	pages = {33--63},
	author = {Dan C. Marinescu},
	title = {Nature-Inspired Algorithms and Systems},
	booktitle = {Complex Systems and Clouds}
}

@incollection{K_REF2,
	doi = {10.1007/978-0-387-30164-8_630},
	url = {https://doi.org/10.1007/978-0-387-30164-8_630},
	year = {2011},
	publisher = {Springer {US}},
	pages = {760--766},
	author = {Thomas Zeugmann and Pascal Poupart and James Kennedy and Xin Jin and Jiawei Han and Lorenza Saitta and Michele Sebag and Jan Peters and J. Andrew Bagnell and Walter Daelemans and Geoffrey I. Webb and Kai Ming Ting and Kai Ming Ting and Geoffrey I. Webb and Jelber Sayyad Shirabad and Johannes F\"{u}rnkranz and Eyke H\"{u}llermeier and Stan Matwin and Yasubumi Sakakibara and Pierre Flener and Ute Schmid and Cecilia M. Procopiuc and Nicolas Lachiche and Johannes F\"{u}rnkranz},
	title = {Particle Swarm Optimization},
	booktitle = {Encyclopedia of Machine Learning}
}

@article{K_REF3,
	doi = {10.1155/2010/462145},
	url = {https://doi.org/10.1155/2010/462145},
	year = {2010},
	publisher = {Hindawi Limited},
	volume = {2010},
	pages = {1--15},
	author = {Prabha Umapathy and C. Venkataseshaiah and M. Senthil Arumugam},
	title = {Particle Swarm Optimization with Various Inertia Weight Variants for Optimal Power Flow Solution},
	journal = {Discrete Dynamics in Nature and Society}
}

@article{K_REF4,
	title={Improving a particle swarm optimization algorithm using an evolutionary algorithm framework},
	author={Deb, Kalyanmoy and Padhye, Nikhil},
	journal={KanGAL Report},
	volume={2010},
	pages={003},
	year={2010}
}

@article{K_REF5,
	title={An overview of heuristic solution methods},
	author={Silver, Edward Allen},
	journal={Journal of the operational research society},
	volume={55},
	number={9},
	pages={936--956},
	year={2004},
	publisher={Taylor \& Francis}
}

@inproceedings{K_REF6,
	title={An overview of evolutionary computation},
	author={Spears, William M and De Jong, Kenneth A and B{\"a}ck, Thomas and Fogel, David B and De Garis, Hugo},
	booktitle={European Conference on Machine Learning},
	pages={442--459},
	year={1993},
	organization={Springer}
}

@article{K_REF7,
	title={Particle swarm optimization},
	author={Kennedy, James},
	journal={Encyclopedia of machine learning},
	pages={760--766},
	year={2010},
	publisher={Springer}
}

@incollection{K_REF1,
	doi = {10.1016/b978-0-12-804041-6.00002-5},
	url = {https://doi.org/10.1016/b978-0-12-804041-6.00002-5},
	year = {2017},
	publisher = {Elsevier},
	pages = {33--63},
	author = {Dan C. Marinescu},
	title = {Nature-Inspired Algorithms and Systems},
	booktitle = {Complex Systems and Clouds}
}

@incollection{K_REF2,
	doi = {10.1007/978-0-387-30164-8_630},
	url = {https://doi.org/10.1007/978-0-387-30164-8_630},
	year = {2011},
	publisher = {Springer {US}},
	pages = {760--766},
	author = {Thomas Zeugmann and Pascal Poupart and James Kennedy and Xin Jin and Jiawei Han and Lorenza Saitta and Michele Sebag and Jan Peters and J. Andrew Bagnell and Walter Daelemans and Geoffrey I. Webb and Kai Ming Ting and Kai Ming Ting and Geoffrey I. Webb and Jelber Sayyad Shirabad and Johannes F\"{u}rnkranz and Eyke H\"{u}llermeier and Stan Matwin and Yasubumi Sakakibara and Pierre Flener and Ute Schmid and Cecilia M. Procopiuc and Nicolas Lachiche and Johannes F\"{u}rnkranz},
	title = {Particle Swarm Optimization},
	booktitle = {Encyclopedia of Machine Learning}
}

@article{K_REF3,
	doi = {10.1155/2010/462145},
	url = {https://doi.org/10.1155/2010/462145},
	year = {2010},
	publisher = {Hindawi Limited},
	volume = {2010},
	pages = {1--15},
	author = {Prabha Umapathy and C. Venkataseshaiah and M. Senthil Arumugam},
	title = {Particle Swarm Optimization with Various Inertia Weight Variants for Optimal Power Flow Solution},
	journal = {Discrete Dynamics in Nature and Society}
}

@article{K_REF4,
	title={Improving a particle swarm optimization algorithm using an evolutionary algorithm framework},
	author={Deb, Kalyanmoy and Padhye, Nikhil},
	journal={KanGAL Report},
	volume={2010},
	pages={003},
	year={2010}
}

@article{K_REF5,
	title={An overview of heuristic solution methods},
	author={Silver, Edward Allen},
	journal={Journal of the operational research society},
	volume={55},
	number={9},
	pages={936--956},
	year={2004},
	publisher={Taylor \& Francis}
}

@inproceedings{K_REF6,
	title={An overview of evolutionary computation},
	author={Spears, William M and De Jong, Kenneth A and B{\"a}ck, Thomas and Fogel, David B and De Garis, Hugo},
	booktitle={European Conference on Machine Learning},
	pages={442--459},
	year={1993},
	organization={Springer}
}

@article{K_REF7,
	title={Particle swarm optimization},
	author={Kennedy, James},
	journal={Encyclopedia of machine learning},
	pages={760--766},
	year={2010},
	publisher={Springer}
}

@inproceedings{K_REF8,
	title={Is the sample good enough? comparing data from twitter's streaming api with twitter's firehose},
	author={Morstatter, Fred and Pfeffer, J{\"u}rgen and Liu, Huan and Carley, Kathleen M},
	booktitle={Seventh international AAAI conference on weblogs and social media},
	year={2013}
}

@inproceedings{REF1,
  title={Teaching machines to read and comprehend},
  author={Hermann, Karl Moritz and Kocisky, Tomas and Grefenstette, Edward and Espeholt, Lasse and Kay, Will and Suleyman, Mustafa and Blunsom, Phil},
  booktitle={Advances in Neural Information Processing Systems},
  pages={1693--1701},
  year={2015}
}

@article{REF2,
  title={Neural machine translation by jointly learning to align and translate},
  author={Bahdanau, Dzmitry and Cho, Kyunghyun and Bengio, Yoshua},
  journal={arXiv preprint arXiv:1409.0473},
  year={2014}
}

@inproceedings{REF3,
  title={Attention-based models for speech recognition},
  author={Chorowski, Jan K and Bahdanau, Dzmitry and Serdyuk, Dmitriy and Cho, Kyunghyun and Bengio, Yoshua},
  booktitle={Advances in neural information processing systems},
  pages={577--585},
  year={2015}
}

@inproceedings{REF4,
  title={Show, attend and tell: Neural image caption generation with visual attention},
  author={Xu, Kelvin and Ba, Jimmy and Kiros, Ryan and Cho, Kyunghyun and Courville, Aaron and Salakhudinov, Ruslan and Zemel, Rich and Bengio, Yoshua},
  booktitle={International conference on machine learning},
  pages={2048--2057},
  year={2015}
}

@inproceedings{REF5,
  title={Attention-based bidirectional long short-term memory networks for relation classification},
  author={Zhou, Peng and Shi, Wei and Tian, Jun and Qi, Zhenyu and Li, Bingchen and Hao, Hongwei and Xu, Bo},
  booktitle={Proceedings of the 54th Annual Meeting of the Association for Computational Linguistics (Volume 2: Short Papers)},
  volume={2},
  pages={207--212},
  year={2016}
}

@inproceedings{REF6,
  title={Attention is all you need},
  author={Vaswani, Ashish and Shazeer, Noam and Parmar, Niki and Uszkoreit, Jakob and Jones, Llion and Gomez, Aidan N and Kaiser, {\L}ukasz and Polosukhin, Illia},
  booktitle={Advances in Neural Information Processing Systems},
  pages={5998--6008},
  year={2017}
}

@article{REF7,
  title={Adversarial training methods for semi-supervised text classification},
  author={Miyato, Takeru and Dai, Andrew M and Goodfellow, Ian},
  journal={arXiv preprint arXiv:1605.07725},
  year={2016}
}

@inproceedings{REF8,
  title={Semi-supervised convolutional neural networks for text categorization via region embedding},
  author={Johnson, Rie and Zhang, Tong},
  booktitle={Advances in neural information processing systems},
  pages={919--927},
  year={2015}
}

@article{REF9,
  title={Supervised and semi-supervised text categorization using LSTM for region embeddings},
  author={Johnson, Rie and Zhang, Tong},
  journal={arXiv preprint arXiv:1602.02373},
  year={2016}
}

@inproceedings{REF10,
  title={Deep Learning for Relevance Filtering in Syndromic Surveillance: A Case Study in Asthma/Difficulty Breathing},
  author={Edo-Osagie, Oduwa and De La Iglesia, Beatriz and Lake, Iain and Edeghere, Obaghe},
  booktitle={International Conference on Pattern Recognition Applications and Methods 2019},
  number={8},
  year={2019}
}

@inproceedings{REF11,
  title={Hierarchical attention networks for document classification},
  author={Yang, Zichao and Yang, Diyi and Dyer, Chris and He, Xiaodong and Smola, Alex and Hovy, Eduard},
  booktitle={Proceedings of the 2016 Conference of the North American Chapter of the Association for Computational Linguistics: Human Language Technologies},
  pages={1480--1489},
  year={2016}
}

@article{REF12,
  title={Text Classification Research with Attention-based Recurrent Neural Networks},
  author={Du, Changshun and Huang, Lei},
  journal={International Journal of Computers Communications \& Control},
  volume={13},
  number={1},
  pages={50--61},
  year={2018}
}

@inproceedings{REF13,
  title={Glove: Global vectors for word representation},
  author={Pennington, Jeffrey and Socher, Richard and Manning, Christopher},
  booktitle={Proceedings of the 2014 conference on empirical methods in natural language processing (EMNLP)},
  pages={1532--1543},
  year={2014}
}

@inproceedings{REF14,
  title={Distributed representations of words and phrases and their compositionality},
  author={Mikolov, Tomas and Sutskever, Ilya and Chen, Kai and Corrado, Greg S and Dean, Jeff},
  booktitle={Advances in neural information processing systems},
  pages={3111--3119},
  year={2013}
}

@inproceedings{REF15,
  title={Better Word Representations with Recursive Neural Networks for Morphology},
  author={Luong, Thang and Socher, Richard and Manning, Christopher},
  booktitle={Proceedings of the Seventeenth Conference on Computational Natural Language Learning},
  pages={104--113},
  year={2013}
}

@article{REF16,
  title={A tutorial on the cross-entropy method},
  author={De Boer, Pieter-Tjerk and Kroese, Dirk P and Mannor, Shie and Rubinstein, Reuven Y},
  journal={Annals of operations research},
  volume={134},
  number={1},
  pages={19--67},
  year={2005},
  publisher={Springer}
}

@article{REF17,
  title={Convolutional Neural Networks for Sentence Classification},
  author={Kim, Yoon},
  journal={arXiv preprint arXiv:1408.5882},
  year={2014}
}

@article{REF18,
  title={Sequential short-text classification with recurrent and convolutional neural networks},
  author={Lee, Ji Young and Dernoncourt, Franck},
  journal={arXiv preprint arXiv:1603.03827},
  year={2016}
}

@inproceedings{REF19,
	title={A comparison of word similarity performance using explanatory and non-explanatory texts},
	author={Jin, Lifeng and Schuler, William},
	booktitle={Proceedings of the 2015 Conference of the North American Chapter of the Association for Computational Linguistics: Human Language Technologies},
	pages={990--994},
	year={2015}
}

@article{REF20,
	title={Learning phrase representations using RNN encoder-decoder for statistical machine translation},
	author={Cho, Kyunghyun and Van Merri{\"e}nboer, Bart and Gulcehre, Caglar and Bahdanau, Dzmitry and Bougares, Fethi and Schwenk, Holger and Bengio, Yoshua},
	journal={arXiv preprint arXiv:1406.1078},
	year={2014}
}

@article{REF21,
	title={On the practical computational power of finite precision RNNs for language recognition},
	author={Weiss, Gail and Goldberg, Yoav and Yahav, Eran},
	journal={arXiv preprint arXiv:1805.04908},
	year={2018}
}

@article{REF22,
	title={Massive exploration of neural machine translation architectures},
	author={Britz, Denny and Goldie, Anna and Luong, Minh-Thang and Le, Quoc},
	journal={arXiv preprint arXiv:1703.03906},
	year={2017}
}

@article{REF23,
	title={Long short-term memory},
	author={Hochreiter, Sepp and Schmidhuber, J{\"u}rgen},
	journal={Neural computation},
	volume={9},
	number={8},
	pages={1735--1780},
	year={1997},
	publisher={MIT Press}
}

@article{REF24,
	title={Bidirectional recurrent neural networks},
	author={Schuster, Mike and Paliwal, Kuldip K},
	journal={IEEE Transactions on Signal Processing},
	volume={45},
	number={11},
	pages={2673--2681},
	year={1997},
	publisher={IEEE}
}

@MISC{REF25,
	author =       {Kylie Fennell},
	title =        {Everything You Need to Know About Repeating Social Media Posts},
	editor =       {mavsocial.com},
	month =        {March},
	year =         {2017},
	url =          {\url{https://mavsocial.com/repeating-social-media-posts/ }},
	note =         {"[Online; posted 12-March-2017]"},
}

@MISC{REF26,
	author =       {Laura Roeder},
	title =        {What Twitter’s New Rules Mean for Social Media Scheduling},
	editor =       {meetedgar.com},
	month =        {March},
	year =         {2018},
	url =          {\url{https://meetedgar.com/blog/what-twitters-new-rules-mean-for-social-media-scheduling/ }},
	note =         {"[Online; posted 13-March-2018]"},
}

@INPROCEEDINGS{REF27,
	title={Challenges in developing opinion mining tools for social media},
	author={Maynard, Diana and Bontcheva, Kalina and Rout, Dominic},
	year={2012}
}

@inproceedings{REF28,
	title={LSTM recurrent neural networks for short text and sentiment classification},
	author={Nowak, Jakub and Taspinar, Ahmet and Scherer, Rafa{\l}},
	booktitle={International Conference on Artificial Intelligence and Soft Computing},
	pages={553--562},
	year={2017},
	organization={Springer}
}

@article{REF29,
	title={Comparing modes of rule-based classification learning: A replication and extension of Shepard, Hovland, and Jenkins (1961)},
	author={Nosofsky, Robert M and Gluck, Mark A and Palmeri, Thomas J and McKinley, Stephen C and Glauthier, Paul},
	journal={Memory \& cognition},
	volume={22},
	number={3},
	pages={352--369},
	year={1994},
	publisher={Springer}
}

@inproceedings{REF30,
	title={Text categorization with support vector machines: Learning with many relevant features},
	author={Joachims, Thorsten},
	booktitle={European conference on machine learning},
	pages={137--142},
	year={1998},
	organization={Springer}
}

@article{REF31,
	title={Learning to classify text from labeled and unlabeled documents},
	author={Nigam, Kamal and McCallum, Andrew and Thrun, Sebastian and Mitchell, Tom and others},
	journal={AAAI/IAAI},
	volume={792},
	pages={6},
	year={1998},
	publisher={Citeseer}
}

@article{REF32,
	title={An example-based mapping method for text categorization and retrieval},
	author={Yang, Yiming and Chute, Christopher G},
	journal={ACM Transactions on Information Systems (TOIS)},
	volume={12},
	number={3},
	pages={252--277},
	year={1994},
	publisher={ACM}
}

@inproceedings{REF33,
	title={Expert network: Effective and efficient learning from human decisions in text categorization and retrieval},
	author={Yang, Yiming},
	booktitle={SIGIR’94},
	pages={13--22},
	year={1994},
	organization={Springer}
}

@inproceedings{REF34,
	title={Automatic indexing based on Bayesian inference networks},
	author={Tzeras, Kostas and Hartmann, Stephan},
	booktitle={Proceedings of the 16th annual international ACM SIGIR conference on Research and development in information retrieval},
	pages={22--35},
	year={1993},
	organization={ACM}
}

@inproceedings{REF35,
	title={A comparison of two learning algorithms for text categorization},
	author={Lewis, David D and Ringuette, Marc},
	booktitle={Third annual symposium on document analysis and information retrieval},
	volume={33},
	pages={81--93},
	year={1994}
}

@article{REF36,
	title={Machine learning in automated text categorization},
	author={Sebastiani, Fabrizio},
	journal={ACM computing surveys (CSUR)},
	volume={34},
	number={1},
	pages={1--47},
	year={2002},
	publisher={ACM}
}

@article{REF37,
	doi = {10.1016/j.ipm.2018.04.011},
	url = {https://doi.org/10.1016%2Fj.ipm.2018.04.011},
	year = 2019,
	month = {may},
	publisher = {Elsevier {BV}},
	volume = {56},
	number = {3},
	pages = {1166--1184},
	author = {Ovidiu ?erban and Nicholas Thapen and Brendan Maginnis and Chris Hankin and Virginia Foot},
	title = {Real-time processing of social media with {SENTINEL}: A syndromic surveillance system incorporating deep learning for health classification},
	journal = {Information Processing {\&} Management}
}

@inproceedings{REF38,
  title={An empirical evaluation of deep architectures on problems with many factors of variation},
  author={Larochelle, Hugo and Erhan, Dumitru and Courville, Aaron and Bergstra, James and Bengio, Yoshua},
  booktitle={Proceedings of the 24th international conference on Machine learning},
  pages={473--480},
  year={2007},
  organization={ACM}
}

@article{REF39,
  title={Neural machine translation by jointly learning to align and translate},
  author={Bahdanau, Dzmitry and Cho, Kyunghyun and Bengio, Yoshua},
  journal={arXiv preprint arXiv:1409.0473},
  year={2014}
}

@inproceedings{REF40,
  title={Transductive inference for text classification using support vector machines},
  author={Joachims, Thorsten},
  booktitle={Icml},
  volume={99},
  pages={200--209},
  year={1999}
}

@article{REF41,
  title={Monitoring the effect of air pollution episodes on health care consultations and ambulance call-outs in England during March/April 2014: A retrospective observational analysis},
  author={Elliot, Alex J and Smith, Sue and Dobney, Alec and Thornes, John and Smith, Gillian E and Vardoulakis, Sotiris},
  journal={Environmental pollution},
  volume={214},
  pages={903--911},
  year={2016},
  publisher={Elsevier}
}

@article{REF42,
  title={Visualizing data using t-SNE},
  author={Maaten, Laurens van der and Hinton, Geoffrey},
  journal={Journal of machine learning research},
  volume={9},
  number={Nov},
  pages={2579--2605},
  year={2008}
}